<record xmlns="http://www.loc.gov/MARC21/slim" xmlns:xsi="http://www.w3.org/2001/XMLSchema-instance" xsi:schemaLocation="http://www.loc.gov/MARC21/slim http://www.loc.gov/standards/marcxml/schema/MARC21slim.xsd"><leader>00549nz   2200133n  4500</leader><controlfield tag="001">oca06601109 </controlfield><controlfield tag="005">20050406052008.0</controlfield><controlfield tag="008">050405n| acannaabn          |a aaa     c</controlfield><datafield ind1=" " ind2=" " tag="010"><subfield code="a">no2005031362</subfield></datafield><datafield ind1=" " ind2=" " tag="040"><subfield code="a">ViU</subfield><subfield code="b">eng</subfield><subfield code="c">ViU</subfield></datafield><datafield ind1="0" ind2=" " tag="100"><subfield code="a">Antipater,</subfield><subfield code="c">of Thessalonica,</subfield><subfield code="d">fl. 11 B.C.-12 A.D.</subfield></datafield><datafield ind1="0" ind2=" " tag="400"><subfield code="a">Antipatro,</subfield><subfield code="c">di Tessalonica,</subfield><subfield code="d">fl. 11 B.C.-12 A.D.</subfield></datafield><datafield ind1=" " ind2=" " tag="670"><subfield code="a">Gli epigrammi degli Antipatri, c2003:</subfield><subfield code="b">p. 34 (Antipatro di Tessalonica)</subfield></datafield><datafield ind1=" " ind2=" " tag="670"><subfield code="a">Oxford classical dictionary, c2003:</subfield><subfield code="b">p. 111 (Antipater, of Thessalonica; datable poems range between 11 B.C. and A.D. 12)</subfield></datafield></record>